// cSpell:disable
@misc{ OLST_stats,
   author = "gov.uk",
   title = "Our Lady and St THomas Catholic Primary School, Willington",
   year = 2024,
   howpublished = {\url{https://www.compare-school-performance.service.gov.uk/school/148627/our-lady-and-st-thomas-catholic-primary-school%2c-willington/primary}} ,
   note = "[Online; accessed 28-March-2025]"
}

@misc{ maths_SATs_stats,
    author = "gov.uk",
    title = "Explore Educational Statistics",
    year = 2025,
    howpublished = {\url{https://explore-education-statistics.service.gov.uk/data-tables/permalink/4833f123-bcd5-4759-93cf-08dd6ba01329}},
    note = "[Online; accessed 29-March-2025]" 
}

@article{Georgiou01122007,
    author = {Stelios N. Georgiou and Panayiotis Stavrinides and Theano Kalavana and},
    title = {Is Victor Better than Victoria at Maths?},
    journal = {Educational Psychology in Practice},
    volume = {23},
    number = {4},
    pages = {329--342},
    year = {2007},
    publisher = {Routledge},
    doi = {10.1080/02667360701660951},
    URL = {https://doi.org/10.1080/02667360701660951},
    eprint = {https://doi.org/10.1080/02667360701660951}
}
