%  cSpell:disable

@article{Roger:1973,
 ISSN = {00135984, 15548279},
 URL = {http://www.jstor.org/stable/1000840},
 author = {Roger T. Johnson and David W. Johnson and Brenda Bryant},
 journal = {The Elementary School Journal},
 number = {3},
 pages = {172--181},
 publisher = {University of Chicago Press},
 title = {Cooperation and Competition in the Classroom},
 urldate = {2025-04-14},
 volume = {74},
 year = {1973}
}

@inproceedings{Cantador:2010,
  title={Effects of competition in education: A case study in an e-learning environment},
  author={Cantador, Iv{\'a}n and Conde, Jos{\'e} M and others},
  booktitle={Proceedings of the IADIS International Conference E-learning},
  year={2010}
}

@book{Shindler:2009,
  title={Transformative classroom management: Positive strategies to engage all students and promote a psychology of success},
  author={Shindler, John},
  year={2009},
  publisher={John Wiley \& Sons}
}

@article{Cagiltay:2015,
  title = {The effect of competition on learning in games},
  journal = {Computers \& Education},
  volume = {87},
  pages = {35-41},
  year = {2015},
  issn = {0360-1315},
  doi = {https://doi.org/10.1016/j.compedu.2015.04.001},
  url = {https://www.sciencedirect.com/science/article/pii/S0360131515001001},
  author = {Nergiz Ercil Cagiltay and Erol Ozcelik and Nese Sahin Ozcelik}
}

@book{Sullivan:1997,
  title = {Good questions for math teaching: why ask them and what to ask, K-6},
  author = {Sullivan, Peter and Liburn, Pat},
  year = {1997},
  publisher = {Math Solutions Publications}

}

@inproceedings{Pollitt:2002,
  title={Understanding students' minds: the key to writing valid mathematics questions},
  author={Pollitt, Alastair},
  booktitle={International Symposium on Test Development for University Entrance Examinations, National Center for University Entrance Examinations, Japan},
  year={2002}
}

@article{Fisher:1996,
  title={What makes mathematics exam questions difficult},
  author={Fisher-Hoch, Hannah and Hughes, Sarah},
  journal={British Educational Research Association, University of Lancaster, England},
  volume={66},
  year={1996}
}

